%YAML 1.1
%TAG !u! tag:unity3d.com,2011:
--- !u!1001 &100100000
Prefab:
  m_ObjectHideFlags: 1
  serializedVersion: 2
  m_Modification:
    m_TransformParent: {fileID: 0}
    m_Modifications: []
    m_RemovedComponents: []
  m_ParentPrefab: {fileID: 0}
  m_RootGameObject: {fileID: 1360912854305770}
  m_IsPrefabParent: 1
--- !u!1 &1360912854305770
GameObject:
  m_ObjectHideFlags: 0
  m_PrefabParentObject: {fileID: 0}
  m_PrefabInternal: {fileID: 100100000}
  serializedVersion: 5
  m_Component:
  - component: {fileID: 4256133986165946}
  - component: {fileID: 212580485672901396}
  - component: {fileID: 50762746690037712}
  - component: {fileID: 58214723311465070}
  - component: {fileID: 114319425393631594}
  - component: {fileID: 114848125125870116}
  m_Layer: 14
  m_Name: SmallXP
  m_TagString: Untagged
  m_Icon: {fileID: 0}
  m_NavMeshLayer: 0
  m_StaticEditorFlags: 0
  m_IsActive: 1
--- !u!4 &4256133986165946
Transform:
  m_ObjectHideFlags: 1
  m_PrefabParentObject: {fileID: 0}
  m_PrefabInternal: {fileID: 100100000}
  m_GameObject: {fileID: 1360912854305770}
  m_LocalRotation: {x: 0, y: 0, z: 0, w: 1}
  m_LocalPosition: {x: 13.510049, y: -25.040674, z: 0}
  m_LocalScale: {x: 1, y: 1, z: 1}
  m_Children: []
  m_Father: {fileID: 0}
  m_RootOrder: 0
  m_LocalEulerAnglesHint: {x: 0, y: 0, z: 0}
--- !u!50 &50762746690037712
Rigidbody2D:
  serializedVersion: 4
  m_ObjectHideFlags: 1
  m_PrefabParentObject: {fileID: 0}
  m_PrefabInternal: {fileID: 100100000}
  m_GameObject: {fileID: 1360912854305770}
  m_BodyType: 0
  m_Simulated: 1
  m_UseFullKinematicContacts: 0
  m_UseAutoMass: 0
  m_Mass: 1
  m_LinearDrag: 0
  m_AngularDrag: 0.05
  m_GravityScale: 0.5
  m_Material: {fileID: 0}
  m_Interpolate: 0
  m_SleepingMode: 1
  m_CollisionDetection: 0
  m_Constraints: 4
--- !u!58 &58214723311465070
CircleCollider2D:
  m_ObjectHideFlags: 1
  m_PrefabParentObject: {fileID: 0}
  m_PrefabInternal: {fileID: 100100000}
  m_GameObject: {fileID: 1360912854305770}
  m_Enabled: 1
  m_Density: 1
  m_Material: {fileID: 6200000, guid: 81ff8494da3cf41fcb3dc8c053ee1c85, type: 2}
  m_IsTrigger: 0
  m_UsedByEffector: 0
  m_UsedByComposite: 0
  m_Offset: {x: 0, y: 0}
  serializedVersion: 2
  m_Radius: 0.23
--- !u!114 &114319425393631594
MonoBehaviour:
  m_ObjectHideFlags: 1
  m_PrefabParentObject: {fileID: 0}
  m_PrefabInternal: {fileID: 100100000}
  m_GameObject: {fileID: 1360912854305770}
  m_Enabled: 1
  m_EditorHideFlags: 0
  m_Script: {fileID: 11500000, guid: 10e5f7e58c68749379c9dbb02963b558, type: 3}
  m_Name: 
  m_EditorClassIdentifier: 
  points: 1
  bounceTime: 6
  flashTime: 2
--- !u!114 &114848125125870116
MonoBehaviour:
  m_ObjectHideFlags: 1
  m_PrefabParentObject: {fileID: 0}
  m_PrefabInternal: {fileID: 100100000}
  m_GameObject: {fileID: 1360912854305770}
  m_Enabled: 1
  m_EditorHideFlags: 0
  m_Script: {fileID: 11500000, guid: 24b97f9f6a4504a298e346b70b9074fe, type: 3}
  m_Name: 
  m_EditorClassIdentifier: 
  sprites:
  - {fileID: 21300038, guid: 59f4e614e47e04ecc8bb6d8b48efdf7b, type: 3}
  - {fileID: 21300040, guid: 59f4e614e47e04ecc8bb6d8b48efdf7b, type: 3}
  - {fileID: 21300042, guid: 59f4e614e47e04ecc8bb6d8b48efdf7b, type: 3}
  - {fileID: 21300044, guid: 59f4e614e47e04ecc8bb6d8b48efdf7b, type: 3}
  - {fileID: 21300046, guid: 59f4e614e47e04ecc8bb6d8b48efdf7b, type: 3}
  - {fileID: 21300048, guid: 59f4e614e47e04ecc8bb6d8b48efdf7b, type: 3}
  interval: 0.1
--- !u!212 &212580485672901396
SpriteRenderer:
  m_ObjectHideFlags: 1
  m_PrefabParentObject: {fileID: 0}
  m_PrefabInternal: {fileID: 100100000}
  m_GameObject: {fileID: 1360912854305770}
  m_Enabled: 1
  m_CastShadows: 0
  m_ReceiveShadows: 0
  m_MotionVectors: 1
  m_LightProbeUsage: 1
  m_ReflectionProbeUsage: 1
  m_Materials:
  - {fileID: 10754, guid: 0000000000000000f000000000000000, type: 0}
  m_StaticBatchInfo:
    firstSubMesh: 0
    subMeshCount: 0
  m_StaticBatchRoot: {fileID: 0}
  m_ProbeAnchor: {fileID: 0}
  m_LightProbeVolumeOverride: {fileID: 0}
  m_ScaleInLightmap: 1
  m_PreserveUVs: 0
  m_IgnoreNormalsForChartDetection: 0
  m_ImportantGI: 0
  m_SelectedEditorRenderState: 0
  m_MinimumChartSize: 4
  m_AutoUVMaxDistance: 0.5
  m_AutoUVMaxAngle: 89
  m_LightmapParameters: {fileID: 0}
  m_SortingLayerID: 1524996845
  m_SortingLayer: -1
  m_SortingOrder: 0
  m_Sprite: {fileID: 21300038, guid: 59f4e614e47e04ecc8bb6d8b48efdf7b, type: 3}
  m_Color: {r: 1, g: 1, b: 1, a: 1}
  m_FlipX: 0
  m_FlipY: 0
  m_DrawMode: 0
  m_Size: {x: 1, y: 1}
  m_AdaptiveModeThreshold: 0.5
  m_SpriteTileMode: 0
